@misc{olson_imperial_multigrid,
  author = {Luke N. Olson},
  title = {Multigrid Methods~--~An Overview},
  note = {A (virtual) lecture series at Imperial College London.},
  month = {May},
  year = {2020},
  howpublished = {\url{https://github.com/lukeolson/imperial-multigrid}},
}
